@article{murray2019,
title = {A Bayesian ensemble approach to combine PM2.5 estimates from statistical models using satellite imagery and numerical model simulation},
journal = {Environmental Research},
volume = {178},
pages = {108601},
year = {2019},
issn = {0013-9351},
doi = {https://doi.org/10.1016/j.envres.2019.108601},
url = {https://www.sciencedirect.com/science/article/pii/S0013935119303986},
author = {Nancy L. Murray and Heather A. Holmes and Yang Liu and Howard H. Chang},
keywords = {Air pollution, Exposure assessment, Health impact, Spatial modeling}
}
