@article{sample_reference,
  title={Sample Title},
  author={Sample Author},
  journal={Sample Journal},
  year={2022},
  publisher={Sample Publisher}
}

